@phdthesis{lopesfilho2019,
  author       = {José Gomes Lopes Filho},
  title        = {Problema do Caixeiro Viajante com Coleta Opcional de Bônus, Tempo de Coleta e Passageiros},
  school       = {Universidade Federal do Rio Grande do Norte},
  year         = {2019},
  address      = {Natal-RN},
  type         = {Tese de Doutorado},
  advisor      = {Marco Cesar Goldbarg},
  department   = {Departamento de Informática e Matemática Aplicada},
  program      = {Programa de Pós-Graduação em Sistemas e Computação},
}

@article{carvalho2022,
    author  = {Carvalho, M. R.},
    title   = {Métodos Heurísticos para o TSP-OBP},
    journal = {Journal of Combinatorial Optimization},
    year    = {2022}
}

@book{carnielli,
    author    = {Carnielli, W. and Epstein, R.},
    title     = {Computabilidade e Funções Computáveis},
    publisher = {UNESP},
    year      = {2017}
} 

@book{goldbarg2012,
    author    = {Marco Goldbarg and Elizabeth Goldbarg},
    title     = {Grafos: Conceitos, algoritmos e aplicações},
    publisher = {Elsevier},
    year      = {2012},
    address   = {Rio de Janeiro},
    isbn      = {978-85-352-5716-8}
}