@article{camilo2008inteligencia,
  author = {Celso Gon\c{c}alves Camilo Junior and Reinaldo Gon\c{c}alves Nogueira and C\'assio Dener Noronha Vinhal},
  title = {Intelig\^encia Artificial Distribu\'ida: conhecendo para aplicar},
  journal = {estudos},
  volume = {35},
  number = {2},
  pages = {247-256},
  year = {2008},
  month = {mar/abr},
  note = {Dispon\'ivel em: \url{https://www.revistas.ufg.br/index.php/estudos/article/view/3585}},
  keywords = {inteligência artificial, inteligência artificial distribuída, sistemas multiagentes}
}


@mastersthesis{mastersthesis6311430b,
title   = {Uma arquitetura para inteligência artificial distribuída baseada em lógica paraconsistente anotada},
author = {Prado, José Pacheco de Almeida and Abe, Jair Minoro},
year = {1996},
school = {Universidade de São Paulo}
}