@article{camilo2008inteligencia,
  author = {Celso Gon\c{c}alves Camilo Junior and Reinaldo Gon\c{c}alves Nogueira and C\'assio Dener Noronha Vinhal},
  title = {Intelig\^encia Artificial Distribu\'ida: conhecendo para aplicar},
  journal = {estudos},
  volume = {35},
  number = {2},
  pages = {247-256},
  year = {2008},
  month = {mar/abr},
  note = {Dispon\'ivel em: \url{https://www.revistas.ufg.br/index.php/estudos/article/view/3585}},
  keywords = {inteligência artificial, inteligência artificial distribuída, sistemas multiagentes}
}


@mastersthesis{mastersthesis6311430b,
title   = {Uma arquitetura para inteligência artificial distribuída baseada em lógica paraconsistente anotada},
author = {Prado, José Pacheco de Almeida and Abe, Jair Minoro},
year = {1996},
school = {Universidade de São Paulo}
}

@misc{techjustice2024,
  author = {{Global Coalition for Tech Justice}},
  title = {Relatório Megaciclo Eleitoral 2024},
  year = {2024},
  howpublished = {Online},
  url = {https://desinformante.com.br/relatorio-plataformas-eleicoes-2024/}
}

@misc{datasenado2024,
  author = {{DataSenado}},
  title = {Fake News e Eleições},
  year = {2024},
  howpublished = {Online},
  url = {https://www12.senado.leg.br/noticias/materias/2024/08/23/para-brasileiros-noticias-falsas-impactam-eleicoes-revela-datasenado}
}

@article{benevenuto2024,
  author = {Benevenuto, Fabrício and Melo, Philipe},
  title = {Misinformation Campaigns Through WhatsApp and Telegram in Presidential Elections in Brazil},
  journal = {Communications of the ACM},
  year = {2024},
  url = {https://cacm.acm.org/latin-america-regional-special-section/misinformation-campaigns-through-whatsapp-and-telegram-in-presidential-elections-in-brazil/}
}

@misc{ufba2025,
  author = {{UFBA}},
  title = {Análise de Tweets de Bolsonaro 2022},
  year = {2025},
  institution = {Universidade Federal da Bahia},
  howpublished = {Online},
  url = {https://periodicos.ufba.br/index.php/crh/article/view/62699}
}

@inproceedings{springer2021,
  title = {Detection of COVID-19 Misinformation in Portuguese WhatsApp},
  booktitle = {Lecture Notes in Computer Science},
  publisher = {Springer},
  year = {2021},
  url = {https://dl.acm.org/doi/10.1007/978-3-030-80599-9_18}
}

@misc{tse2024,
  author = {{Tribunal Superior Eleitoral}},
  title = {Programa Permanente de Enfrentamento à Desinformação},
  year = {2024},
  howpublished = {Online},
  url = {https://www.tse.jus.br/comunicacao/noticias/2024/Maio/gestao-alexandre-de-moraes-combate-as-fake-news-e-milicias-digitais-reforcaram-confiabilidade-do-processo-eleitoral}
}